@inproceedings{UpcomingAAAIPaper,
    author  = {Ruth Hoffmann and Ciaran McCreesh and Craig Reilly},
    title   = {Between Subgraph Isomorphism and Maximum Common Subgraph},
    year    = {2017},
    booktitle = {Proceedings of AAAI 17},
    note    = {To appear}
}

@inproceedings{DBLP:conf/cp/McCreeshNPS16,
  author    = {Ciaran McCreesh and
               Samba Ndojh Ndiaye and
               Patrick Prosser and
               Christine Solnon},
  title     = {Clique and Constraint Models for Maximum Common (Connected) Subgraph
               Problems},
  booktitle = {Principles and Practice of Constraint Programming - 22nd International
               Conference, {CP} 2016, Toulouse, France, September 5-9, 2016, Proceedings},
  pages     = {350--368},
  year      = {2016},
  crossref  = {DBLP:conf/cp/2016},
  url       = {http://dx.doi.org/10.1007/978-3-319-44953-1_23},
  doi       = {10.1007/978-3-319-44953-1_23},
  timestamp = {Tue, 23 Aug 2016 10:27:33 +0200},
  biburl    = {http://dblp.uni-trier.de/rec/bib/conf/cp/McCreeshNPS16},
  bibsource = {dblp computer science bibliography, http://dblp.org}
}

@proceedings{DBLP:conf/cp/2016,
  editor    = {Michel Rueher},
  title     = {Principles and Practice of Constraint Programming - 22nd International
               Conference, {CP} 2016, Toulouse, France, September 5-9, 2016, Proceedings},
  series    = {Lecture Notes in Computer Science},
  volume    = {9892},
  publisher = {Springer},
  year      = {2016},
  url       = {http://dx.doi.org/10.1007/978-3-319-44953-1},
  doi       = {10.1007/978-3-319-44953-1},
  isbn      = {978-3-319-44952-4},
  timestamp = {Tue, 23 Aug 2016 10:24:14 +0200},
  biburl    = {http://dblp.uni-trier.de/rec/bib/conf/cp/2016},
  bibsource = {dblp computer science bibliography, http://dblp.org}
}

@inproceedings{DBLP:conf/cp/NdiayeS11,
  author    = {Samba Ndojh Ndiaye and
               Christine Solnon},
  title     = {{CP} Models for Maximum Common Subgraph Problems},
  booktitle = {Principles and Practice of Constraint Programming - {CP} 2011 - 17th
               International Conference, {CP} 2011, Perugia, Italy, September 12-16,
               2011. Proceedings},
  pages     = {637--644},
  year      = {2011},
  crossref  = {DBLP:conf/cp/2011},
  url       = {http://dx.doi.org/10.1007/978-3-642-23786-7_48},
  doi       = {10.1007/978-3-642-23786-7_48},
  timestamp = {Fri, 02 Sep 2011 15:33:27 +0200},
  biburl    = {http://dblp.uni-trier.de/rec/bib/conf/cp/NdiayeS11},
  bibsource = {dblp computer science bibliography, http://dblp.org}
}

@proceedings{DBLP:conf/cp/2011,
  editor    = {Jimmy Ho{-}Man Lee},
  title     = {Principles and Practice of Constraint Programming - {CP} 2011 - 17th
               International Conference, {CP} 2011, Perugia, Italy, September 12-16,
               2011. Proceedings},
  series    = {Lecture Notes in Computer Science},
  volume    = {6876},
  publisher = {Springer},
  year      = {2011},
  url       = {http://dx.doi.org/10.1007/978-3-642-23786-7},
  doi       = {10.1007/978-3-642-23786-7},
  isbn      = {978-3-642-23785-0},
  timestamp = {Fri, 02 Sep 2011 15:32:47 +0200},
  biburl    = {http://dblp.uni-trier.de/rec/bib/conf/cp/2011},
  bibsource = {dblp computer science bibliography, http://dblp.org}
}

